112100123412345678902601012601312000000005000009783CODINACARS PRINCIPAL         
221234    26010326010312000100000000850000REF001    AUTO1                       
2301TRANSFERENCIA AUTO1 EUROPEAN GMBH  FACTURA AS-2026-001                      
221234    26010526010512000100000000018050REF002    RUPPMANN                    
2301GESTORIA RUPPMANN SL               TRAMITES TRAFICO                         
221234    26011026011012000200000001150000REF003    VENTA                       
2301TRANSFERENCIA RECIBIDA             JUAN PEREZ GOMEZ                         
221234    26011526011512000100000000031500REF004    TGSS                        
2301RGTA.S.S 1234567890                SEG SOCIAL                               
221234    26012026012012000100000000001200REF005    COMISION                    
2301COMISION MANTENIMIENTO CUENTA                                               
221234    26012226012212000100000000007530REF006    REPSOL                      
2301REPSOL ESTACION SERVICIO           COMPRA TARJETA                           
3321001234123456789000005000000009082800000100000001150000200000000741720978    
889999              000008                                                      
